<?xml version="1.0" encoding="UTF-8"?>
<collection xmlns:xsi="http://www.w3.org/2001/XMLSchema-instance" xsi:schemaLocation="http://www.loc.gov/MARC21/slim http://www.loc.gov/standards/marcxml/schema/MARC21slim.xsd" xmlns="http://www.loc.gov/MARC21/slim">
<record>
  <leader>00861cam a22002171  4500</leader>
  <controlfield tag="001">2980753</controlfield>
  <controlfield tag="003">NNC</controlfield>
  <controlfield tag="005">20130426005014.0</controlfield>
  <controlfield tag="008">890517m19501966ua            000 0 arard</controlfield>
  <datafield tag="035" ind1=" " ind2=" ">
    <subfield code="a">(OCoLC)ocm19725682</subfield>
  </datafield>
  <datafield tag="035" ind1=" " ind2=" ">
    <subfield code="9">ASM7866CU</subfield>
  </datafield>
  <datafield tag="035" ind1=" " ind2=" ">
    <subfield code="a">(NNC)2980753</subfield>
  </datafield>
  <datafield tag="040" ind1=" " ind2=" ">
    <subfield code="a">CUY</subfield>
    <subfield code="c">CUY</subfield>
    <subfield code="d">IUL</subfield>
    <subfield code="d">ZCU</subfield>
  </datafield>
  <datafield tag="090" ind1=" " ind2=" ">
    <subfield code="a">PJ7741</subfield>
    <subfield code="b">.B3 1950</subfield>
  </datafield>
  <datafield tag="100" ind1="0" ind2=" ">
    <subfield code="a">Bashshār ibn Burd,</subfield>
    <subfield code="d">-783 or 784.</subfield>
  </datafield>
  <datafield tag="240" ind1="1" ind2="0">
    <subfield code="a">Poems</subfield>
  </datafield>
  <datafield tag="245" ind1="1" ind2="0">
    <subfield code="a">Dīwān /</subfield>
    <subfield code="c">Bashshār ibn Burd, li-nashirihī wa-muqaddimihī wa-shariḥihī wa-mukallimihī Muḥammad al-Ṭāhir ibn ʻĀshūr. ʻAllaqa ʻalayhī wa-waqafa ʻalá ṭabʻihī Rifʻat Fatḥ Allāh wa-Muḥammad Shawqī Amīn.</subfield>
  </datafield>
  <datafield tag="260" ind1=" " ind2=" ">
    <subfield code="a">al-Qāhirah :</subfield>
    <subfield code="b">Maṭbaʻat Lajnat al Taʾlīf wa al-Tarjamah wa al-Nashr,</subfield>
    <subfield code="c">1950-1966.</subfield>
  </datafield>
  <datafield tag="300" ind1=" " ind2=" ">
    <subfield code="a">4 v.</subfield>
  </datafield>
  <datafield tag="700" ind1="1" ind2=" ">
    <subfield code="a">Ibn ʻĀshūr, Muḥammad al-Ṭāhir,</subfield>
    <subfield code="d">1879-1973.</subfield>
  </datafield>
  <datafield tag="955" ind1=" " ind2=" ">
    <subfield code="b">0036761150</subfield>
    <subfield code="d">glx</subfield>
    <subfield code="e">PJ7741 .B3 1950</subfield>
    <subfield code="v">v.1</subfield>
  </datafield>
</record>
</collection>